@article{Rizzo2019,
   author = {S.G. Rizzo and F. Bertini and D. Montesi},
   doi = {10.1186/s13635-019-0094-2},
   issue = {1},
   journal = {Eurasip Journal on Information Security},
   title = {Fine-grain watermarking for intellectual property protection},
   volume = {2019},
   year = {2019},
}